@inproceedings{sanchez2017mpc,
	title={MPC for nonlinear systems: A comparative review of discretization methods},
	author={S{\'a}nchez, Guido and Murillo, Marina and Genzelis, Lucas and Deniz, Nahuel and Giovanini, Leonardo},
	booktitle={2017 XVII Workshop on Information Processing and Control (RPIC)},
	pages={1--6},
	year={2017},
	organization={IEEE}
}
@book{maciejowski2002predictive,
	title={Predictive control: with constraints},
	author={Maciejowski, Jan Marian},
	year={2002},
	publisher={Pearson education}
}
@article{kotyczka2021high,
	title={High Order Discrete-Time Control Based on Gauss-Legendre Collocation},
	author={Kotyczka, Paul and Martens, Christian J and Lef{\`e}vre, Laurent},
	journal={IFAC-PapersOnLine},
	volume={54},
	number={19},
	pages={237--242},
	year={2021},
	publisher={Elsevier}
}
@incollection{grune2017nonlinear,
	title={Nonlinear model predictive control},
	author={Gr{\"u}ne, Lars and Pannek, J{\"u}rgen},
	booktitle={Nonlinear model predictive control},
	pages={45--69},
	year={2017},
	publisher={Springer}
}
